@misc{website:scorobogatov_breaking_copy_protection,
	author="Dr. Sergei Skorobogatov",
	title="Breaking Copy Protection in Microcontrollers",
	year="2000",
	url="http://www.cl.cam.ac.uk/~sps32/mcu_lock.html"
}