@TechReport{sergei:thesis,
    author =	 {Skorobogatov, Sergei P.},
    title = 	 {{Semi-invasive attacks -- A new approach to hardware
    security analysis}},
    year = 	 2005,
    month = 	 apr,
    url = 	 {http://www.cl.cam.ac.uk/techreports/UCAM-CL-TR-630.pdf},
    institution =  {University of Cambridge, Computer Laboratory},
    number = 	 {UCAM-CL-TR-630},
}


@unpublished{hwre,
    author = {Yener ,Bulent  and Zonenberg ,Andrew },
    institution = {Rensselaer  Polytechnic Institute},
    howpublished = {University Lecture Slides},
    year = {2014},
    title = {{CSCI 4,74 / 6974 : Hardware Reverse Engineering}},
    note={{Rensselaer  Polytechnic Institute, lecture slides at : \url{http://security.cs.rpi.edu/courses/hwre-spring2014/}}} ,
    url = {\url{http://security.cs.rpi.edu/courses/hwre-spring2014/}},
    note = {Accessed: 2014-05-04},
}

@inproceedings{glitches_paper,
    author = {Balasch, Josep and Gierlichs, Benedikt and Verbauwhede, Ingrid},
    title = {An In-depth and Black-box Characterization of the Effects of Clock Glitches on 8-bit MCUs},
    booktitle = {Proceedings of the 2011 Workshop on Fault Diagnosis and Tolerance in Cryptography},
    series = {FDTC '11},
    year = {2011},
    isbn = {978-0-7695-4526-4},
    pages = {105--114},
    numpages = {10},
    url = {http://dx.doi.org/10.1109/FDTC.2011.9},
    doi = {10.1109/FDTC.2011.9},
    acmid = {2082875},
    publisher = {IEEE Computer Society},
    address = {Washington, DC, USA},
    keywords = {Fault effect characterization, AVR MCU, clock glitches},
}

@ONLINE{siliconpr0n_328,
	author = {Zonenberg, Andrew},
	title = {ATmega328 decapsulation},
	month = mar,
	year = {2014},
	url = {\url{http://siliconpr0n.org/archive/doku.php?id=azonenberg:atmel:atmega328}},
	howpublished = {\url{http://siliconpr0n.org/archive/doku.php?id=azonenberg:atmel:atmega328}},
}

@MISC{pareja:glitch,
    author = {Pareja Veredas, Ramiro}, 
    title = {{Fault injection attacks on microcontrollers: clock glitching tutorial}},
    howpublished = {\url{http://www.t4f.org/articles/fault-injection-attacks-clock-glitching-tutorial/}},
    url = \url{http://www.t4f.org/articles/fault-injection-attacks-clock-glitching-tutorial/},
    year = {2014} ,
    note = {Accessed: 2014-05-04},
}

@inproceedings{kocher:DPA,
    author = {Kocher, Paul C. and Jaffe, Joshua and Jun, Benjamin},
    title = {{Differential Power Analysis}},
    url={www.cryptography.com/public/pdf/DPA.pdf},
    booktitle =	"Advances in Cryptology - {CRYPTO} '99, 19th Annual
    International Cryptology Conference, Santa Barbara,
    California, {USA}, August 15-19, 1999, Proceedings",
    publisher =	"Springer",
    year = 	"1999",
    volume =	"1666",
    editor =	"Michael J. Wiener",
    ISBN = 	"3-540-66347-9",
    pages =	"388--397",
    series =	"Lecture Notes in Computer Science",
    URL =  	"http://dx.doi.org/10.1007/3-540-48405-1_25",
}

@ONLINE{fib_mod,
	author = {Leppavuori, S.},
	title = { Electronics Materials, Packaging and Reliability Techniques (EMPART)},
	month = may,
	year = {2014},
	url = {\url{http://www.infotech.oulu.fi/Annual/2000/EMPART.html}},
	howpublished = {\url{http://www.infotech.oulu.fi/Annual/2000/EMPART.html}},
}
http://www.infotech.oulu.fi/Annual/2000/EMPART.html